\usepackage{url}

@article{1,
  author = {Ian Cooper; Argha Mondal; Chris G. Antonopoulos},
  title = {A \uppercase{SIR} model assumption for the spread of \uppercase{COVID}-19 in different communities},
  journal = {Chaos, Solitons \& Fractals},
  Volume = {139},
  number = {110057},
  year = {2020}
}

@mastersthesis{2,
  author = {Michael Bonilla},
  title = {\textit{\uppercase{SYMBIOTIC MODELS WITH AN SIR DISEASE}}},
  school = {California State Polytechnic University, Pomona},
  year = {2016}
}



@misc{3,
  author = {Tom Rocks Maths},
  title = {\textit{Oxford Mathematician explains \uppercase{SIR} Disease Model for COVID-19 (Coronavirus)}},
  year = {2020},
  howpublished = {\url{https://www.youtube.com/watch?v=NKMHhm2Zbkw&t=1129s&ab_channel=TomRocksMaths}},
  note = {[Accessed 6th June 2023]}
}

@article{4,
  author = {Suwardi Annas; Muh. Isbar Pratama; Muh. Rifandi; Wahidah Sanusi; Syafruddin Side},
  title = {Stability analysis and numerical simulation of \uppercase{SEIR} model for pandemic \uppercase{COVID-19} spread in Indonesia},
  journal = {Chaos, Solitons \& Fractals},
  Volume = {139},
  number = {110072},
  year = {2020}
}